% Encoding: UTF-8

@article{ruissalo2018operating,
  title={Operating a design system in a large software company},
  author={Ruissalo, Miika and others},
  year={2018}
}

@article{gould1985designing,
  title={Designing for usability: key principles and what designers think},
  author={Gould, John D and Lewis, Clayton},
  journal={Communications of the ACM},
  volume={28},
  number={3},
  pages={300--311},
  year={1985},
  publisher={ACM}
}

@inproceedings{nielsen1994usability,
  title={Usability inspection methods},
  author={Nielsen, Jakob},
  booktitle={Conference companion on Human factors in computing systems},
  pages={413--414},
  year={1994},
  organization={ACM}
}

@book{martin2009design,
  title={The design of business: Why design thinking is the next competitive advantage},
  author={Martin, Roger and Martin, Roger L},
  year={2009},
  publisher={Harvard Business Press}
}

@article{winograd1996bringing,
  title={Bringing design to software},
  author={Winograd, Terry and others},
  year={1996},
  publisher={$\{$Addison-Wesley Professional$\}$}
}

@article{serrador2015does,
  title={Does Agile work?—A quantitative analysis of agile project success},
  author={Serrador, Pedro and Pinto, Jeffrey K},
  journal={International Journal of Project Management},
  volume={33},
  number={5},
  pages={1040--1051},
  year={2015},
  publisher={Elsevier}
}

@book{curtis2010modular,
  title={Modular web design: creating reusable components for user experience design and documentation},
  author={Curtis, Nathan},
  year={2010},
  publisher={New Riders}
}

@book{kholmatova2017design,
  title={Design Systems: A practical guide to creating design languages for digital products},
  author={Kholmatova, Alla},
  year={2017},
  publisher={Smashing Media}
}

@misc{mongodbDesignPrinciples,
  title={Mongodb Design Principles},
  year={201-},
  author={Mongodb},
  howpublished={\url{http://mongodb.design/#/ui-design-system/principles}},
  note={Accessed: 2019-05-13}
}

@misc{pluralsightDesignPrinciples,
  title = {Design Principles},
  author={Pluralsight},
  year={201-},
  howpublished = {\url{https://design-system.pluralsight.com/patterns/voice-tone/}},
  note = {Accessed: 2019-05-13}
}

@misc{impactOfVoiceTone,
  title = {The impact of tone of voice on users’ brand perception},
  author={Kate Moran},
  year={201-},
  howpublished = {\url{https://www.nngroup.com/articles/tone-voice-users/}},
  note = {Accessed: 2019-05-13}
}

@misc{firefoxVoiceTone,
  title = {Voice and tone},
  author={Firefox},
  year={201-},
  howpublished = {\url{https://design.firefox.com/photon/copy/voice-and-tone.html}},
  note = {Accessed: 2019-05-12}
}

@inproceedings{taylor2007software,
  title={Software design and architecture the once and future focus of software engineering},
  author={Taylor, Richard N and Van der Hoek, Andre},
  booktitle={Future of Software Engineering (FOSE'07)},
  pages={226--243},
  year={2007},
  organization={IEEE}
}

@misc{bootstrapStyleGuide,
  title = {Bootstrap Style Guide},
  author={Bootstrap},
  year={201-},
  howpublished = {\url{https://getbootstrap.com/}},
  note = {Accessed: 2019-05-14}
}

@misc{frostAtomicDesign,
  title = {Atomic Design},
  author={Frost, Brad},
  year={201-},
  howpublished = {\url{http://bradfrost.com/blog/post/atomic-web-design/}},
  note = {Accessed: 2019-05-14}
}

@book{preece2005design,
  title={Design de intera{\c{c}}{\~a}o},
  author={Preece, Jenny and Rogers, Yvonne and Sharp, Helen},
  year={2005},
  publisher={bookman}
}

@inproceedings{grudin1990computer,
  title={The computer reaches out: the historical continuity of interface design},
  author={Grudin, Jonathan},
  booktitle={Proceedings of the SIGCHI conference on Human factors in computing systems},
  pages={261--268},
  year={1990},
  organization={ACM}
}

@misc{ryteDesignSystem,
  title = {Lessons learned building a Design System for 500,000+ users at Ryte},
  author={Fleckenstein, Raphael},
  howpublished = {\url{https://medium.com/ryte/building-a-design-system-for-500-000-users-at-ryte-1a5ca8bda992}},
  note = {Accessed: 2019-05-24}
}

@misc{gustoDesignSystem,
  title = {Design Systems at Gusto: Part I},
  author={Rendle, Robin},
  howpublished = {\url{https://medium.com/gusto-design/design-systems-at-gusto-a710543b2c93}},
  note = {Accessed: 2019-05-24}
}

@misc{airbnbDesignSystem,
  title = {Building a Visual Language},
  author={Saarinen, Karri},
  howpublished = {\url{https://airbnb.design/building-a-visual-language/}},
  note = {Accessed: 2019-05-24}
}

@misc{nps,
  title = {O que é e como utilizar o NPS no Marketing do seu negócio},
  author={Frankenthal, Rafaela},
  howpublished = {\url{https://mindminers.com/blog/o-que-e-e-como-utilizar-o-nps-no-marketing-do-seu-negocio/}},
  note = {Accessed: 2019-06-02}
}

@misc{softwareCost,
  title = {Custos e preço do software},
  author={Leite, Jaira},
  howpublished = {\url{https://www.dimap.ufrn.br/~jair/ES/slides/Custos.pdf}},
  note = {Accessed: 2019-06-03}
}
